@INPROCEEDINGS{gospodarstwo-domowe, 
  title={{Gospodarstwo domowe}},
    month = nov,
    day = {21},
    year={2019}, 
    institution = {Wikipedia},
  note={\url{https://pl.wikipedia.org/wiki/Gospodarstwo_domowe} [dostęp dnia 21 listopada 2019]}
}

@INPROCEEDINGS{Unity3D, 
  title={{Unity-dokumentacja}}, 
	month = dec,
	day = {01},
	year={2019}, 	
	institution = {Unity Technologies},
  note={\url{https://docs.unity3d.com/Manual/index.html} [dostęp dnia 01 grudnia 2019]}
}

@TechReport{JS07,
	author = {Jędrzejczyk, J. and Śródka, B.},
	title  ={Segmentacja obrazów metodą drzew decyzyjnych},
	year = {2007},
	institution = {Politechnika Wrocławska, Wydział Elektroniki}
}

@INPROCEEDINGS{SQL2, 
  title={{A MySQL-based data archiver: preliminary results}}, 
  author={Bickley, M. and Slominski, Ch.},
  booktitle = {{Proceedings of ICALEPCS07}},
	month = oct,
	day = {15--19},
	year={2007}, 
  note={\url{http://www.osti.gov/scitech/servlets/purl/922267} [dostęp dnia 20 czerwca 2015]}
}


@book{Ducharme2013,
	abstract = {Gain hands-on experience with SPARQL, the RDF query language thats bringing new possibilities to semantic web, linked data, and big data projects. This updated and expanded edition shows you how to use SPARQL 1.1 with a variety of tools to retrieve, manipulate, and federate data from the public web as well as from private sources.},
	author = {Ducharme, B.},
	edition = {2},
	file = {:C$\backslash$:/Users/Kamil/AppData/Local/Mendeley Ltd./Mendeley Desktop/Downloaded/Ducharme - 2013 - Learning SPARQL, 2nd Edition.pdf:pdf},
	isbn = {9781449371432},
	mendeley-groups = {KPW},
	pages = {386},
	publisher = {O'Reilly Media},
	title = {{Learning SPARQL}},
	year = {2013}
}
@article{Barman2013,
	author = {Barman, A.K. and Sarmah, J. and Sarma, S.K.},
	doi = {10.1109/UKSim.2013.90},
	file = {:C$\backslash$:/Users/Kamil/AppData/Local/Mendeley Ltd./Mendeley Desktop/Downloaded/Barman, Sarmah, Sarma - 2013 - WordNet Based Information Retrieval System for Assamese.pdf:pdf},
	isbn = {978-1-4673-6421-8},
	journal = {2013 UKSim 15th International Conference on Computer Modelling and Simulation},
	mendeley-groups = {KPW},
	pages = {480--484},
	title = {{WordNet Based Information Retrieval System for Assamese}},
	url = {http://ieeexplore.ieee.org/lpdocs/epic03/wrapper.htm?arnumber=6527465},
	year = {2013}
}


@Book{Wil,
  author = {W. van der Aalst and K. van Hee},
	title = {Workflow Management Models, Methods, and Systems},
  publisher = {The MIT Press Cambridge},
	year = {2002}

}


@ARTICLE{Ziemba,
  author = {Ziemba, E. and Obłąk, I.},
  title = {{Modelowanie procesów biznesowych z wykorzystaniem notacji BPMN - studium przypadku}},
  journal = {Informatyka Ekonomiczna},
  year = {2012}
}


@misc{BPMN,
   month = jan,
    author = {Object Management Group},
    title = {{Business Process Model and Notation (BPMN) Version 2.0}},
    note = {\url{http://www.omg.org/spec/BPMN/2.0} [dostęp dnia 20 czerwca 2015]},
    year = {2011}
}

@booklet{Marcin,
title = {{BPMN Notacja modelowania procesów biznesowych}},
author = {Moś, M.},
note = {\url{http://procesy.ue.wroc.pl/uploads/Marcin/BPMN.pdf} [dostęp dnia 20 czerwca 2015]}
}

